<?xml version="1.0" encoding="UTF-8"?><collection xmlns="http://www.loc.gov/MARC21/slim"><record><leader>00525nam--2200157-u-4500</leader><controlfield tag="001">000056637</controlfield><controlfield tag="002">20161230</controlfield><controlfield tag="005">20161230201052</controlfield><controlfield tag="008">160404s1000------------r-----000-0-eng-d</controlfield><datafield ind1=" " ind2=" " tag="040"><subfield code="a">IFIN-HH</subfield></datafield><datafield ind1=" " ind2=" " tag="080"><subfield code="a">546.831/832:541.11:533.7</subfield></datafield><datafield ind1="1" ind2=" " tag="100"><subfield code="a">Jehn, H</subfield></datafield><datafield ind1="1" ind2=" " tag="245"><subfield code="a">ZAED GASES AND CARBON IN METALS. (THERMODYNAMICS, KINETICS AND PROPERTIES). PT XIV. FERROUS METALS (2) IRON-CARBON (Fe-C)</subfield><subfield code="c">H. jehn, h. speck, w. hehn, e. fromm, g. horz</subfield></datafield><datafield ind1=" " ind2=" " tag="260"><subfield code="a">Karlsruhe</subfield><subfield code="b">Fachinformationszentrum</subfield><subfield code="c">1981</subfield></datafield><datafield ind1=" " ind2=" " tag="300"><subfield code="a">118P</subfield></datafield><datafield ind1="1" ind2=" " tag="700"><subfield code="a">Horz, G</subfield></datafield></record></collection>